@article{oShea,
	author = {T. O'Shea and J. Hoydis},
	title = {An introduction to deep learning for the
	physical layer},
	journal = {IEEE Trans. on Cogn. Commun. Netw.},
	volume = 3, 
	number = 4, 
	pages = {563--575}, 
	month = jul,
	year = 2017
}

@article{Clerkx,
	author = {M. Varasteh, E. Piovano and B. Clerckx},
	title = {A Learning Approach To Wireless Information and Power Transfer Signal and System Design},
	journal = {IEEE},
	month = oct,
	year = 2018
}

@article{Aoudia,
	author = {F. A. Aoudia and J. Hoydis},
	title = {End-to-End Learning of Communications Systems Without a Channel Model},
	journal = {Nokia Bell Labs},
	month = apr,
	year = 2018
}

@article{NonLinearities,
	author = {T. Schenk},
	title = {"RF imperfections in high-rate wireless systems: Impact and digital compensation."},
	journal = {Springer Science \& Business Media},
	year = 2008
}

@article{ChannelEncodingOptimality,
	author = {A. Goldsmith},
	title = {"Joint source/channel coding for wireless channels."},
	journal = {Proc. IEEE Vehicular Technol. Conf.},
	volume = 2, 
	pages = {614--618}, 
	year = 1995
}

@article{NonOptimalRayleigh,
	author = {E. Zehavi},
	title = {"8-PSK trellis codes for a Rayleigh channel,"},
	journal = {IEEE Trans.
	Commun.},
	volume = 40, 
	number = 5, 
	pages = {873--884}, 
	year = 1992
}


@incollection{WirelessTextbookC2,
	author      = "David Tse and Pramod Vishwanath",
	booktitle = "Fundamentals of Wireless Communication",
	title       = "Fundamentals of Wireless Communication",
	publisher   = "Cambridge University Press",
	year        = 2005,
	pages       = "10-48",
	chapter     = 2,
}

@incollection{WirelessTextbookC5,
	author      = "David Tse and Pramod Vishwanath",
	booktitle = "Fundamentals of Wireless Communication",
	title       = "Fundamentals of Wireless Communication",
	publisher   = "Cambridge University Press",
	year        = 2005,
	pages       = "166-227",
	chapter     = 5,
}

@INPROCEEDINGS{NnUniversalApproximators, 
author={Stinchcombe and White}, 
booktitle={International 1989 Joint Conference on Neural Networks}, 
title={Universal approximation using feedforward networks with non-sigmoid hidden layer activation functions}, 
year={1989}, 
volume={}, 
number={}, 
pages={613-617 vol.1}, 
keywords={function approximation;neural nets;neural nets;nonsigmoid hidden layer activation functions;nonlinear function;multilayer feedforward networks;universal approximation;parallel processors;Approximation methods;Neural networks}, 
doi={10.1109/IJCNN.1989.118640}, 
ISSN={}, 
month={},}

@article{RnnTuringComplete,
  author    = {Hava T. Siegelmann and
               Eduardo D. Sontag},
  title     = {On the Computational Power of Neural Nets},
  journal   = {J. Comput. Syst. Sci.},
  volume    = {50},
  number    = {1},
  pages     = {132--150},
  year      = {1995},
  url       = {https://doi.org/10.1006/jcss.1995.1013},
  doi       = {10.1006/jcss.1995.1013},
  timestamp = {Sat, 20 May 2017 01:00:00 +0200},
  biburl    = {https://dblp.org/rec/bib/journals/jcss/SiegelmannS95},
  bibsource = {dblp computer science bibliography, https://dblp.org}
}

@inproceedings{NeuralProgramInterpreters,
  title = "Neural Programmer-Interpreters",
  author = "Scott Reed and Nando de Freitas",
  year = "2016",
  booktitle = "International Conference on Learning Representations (ICLR)",
  url = "http://arxiv.org/pdf/1511.06279v3",
}

@ARTICLE{NnLowFp,
       author = {{Hubara}, Itay and {Courbariaux}, Matthieu and {Soudry}, Daniel and {El-
        Yaniv}, Ran and {Bengio}, Yoshua},
        title = "{Quantized Neural Networks: Training Neural Networks with Low Precision Weights and Activations}",
      journal = {arXiv e-prints},
     keywords = {Computer Science - Neural and Evolutionary Computing, Computer Science - Machine Learning},
         year = 2016,
        month = Sep,
          eid = {arXiv:1609.07061},
        pages = {arXiv:1609.07061},
archivePrefix = {arXiv},
       eprint = {1609.07061},
 primaryClass = {cs.NE},
       adsurl = {https://ui.adsabs.harvard.edu/\#abs/2016arXiv160907061H},
      adsnote = {Provided by the SAO/NASA Astrophysics Data System}
}

@ARTICLE{Eyeriss, 
author={Y. Chen and T. Krishna and J. S. Emer and V. Sze}, 
journal={IEEE Journal of Solid-State Circuits}, 
title={Eyeriss: An Energy-Efficient Reconfigurable Accelerator for Deep Convolutional Neural Networks}, 
year={2017}, 
volume={52}, 
number={1}, 
pages={127-138}, 
keywords={data flow computing;DRAM chips;energy conservation;feedforward neural nets;learning (artificial intelligence);neural net architecture;power aware computing;reconfigurable architectures;AlexNet;MAC;multiply and accumulation;convolutional layers;DRAM accesses;RS dataflow reconfiguration;spatial architecture;dataflow processing;row stationary;energy efficiency;data movement energy cost;AI systems;reconfiguring architecture;off-chip DRAM;accelerator chip;CNN shapes;deep convolutional neural networks;energy-efficient reconfigurable accelerator;Eyeriss;Shape;Random access memory;Computer architecture;Throughput;Clocks;Neural networks;Hardware;Convolutional neural networks (CNNs);dataflow processing;deep learning;energy-efficient accelerators;spatial architecture}, 
doi={10.1109/JSSC.2016.2616357}, 
ISSN={0018-9200}, 
month={Jan},}

@inproceedings{GpuIncreasedThroughput,
 author = {Raina, Rajat and Madhavan, Anand and Ng, Andrew Y.},
 title = {Large-scale Deep Unsupervised Learning Using Graphics Processors},
 booktitle = {Proceedings of the 26th Annual International Conference on Machine Learning},
 series = {ICML '09},
 year = {2009},
 isbn = {978-1-60558-516-1},
 location = {Montreal, Quebec, Canada},
 pages = {873--880},
 numpages = {8},
 url = {http://doi.acm.org/10.1145/1553374.1553486},
 doi = {10.1145/1553374.1553486},
 acmid = {1553486},
 publisher = {ACM},
 address = {New York, NY, USA},
} 

@INPROCEEDINGS{oShea0, 
author={T. J. O'Shea and K. Karra and T. C. Clancy}, 
booktitle={2016 IEEE International Symposium on Signal Processing and Information Technology (ISSPIT)}, 
title={Learning to communicate: Channel auto-encoders, domain specific regularizers, and attention}, 
year={2016}, 
volume={}, 
number={}, 
pages={223-228}, 
keywords={signal representation;telecommunication computing;unsupervised learning;wireless channels;channel auto-encoders;domain specific regularizers;adaptive physical layer encoding;binary information communication;unsupervised machine learning problem;reconstruction loss optimization;artificial impairment layers;regularizing layers;common wireless channel impairments;canonical signal representation recovery;radio transformer network;Signal to noise ratio;Levee;Gaussian noise;Phase shift keying;Training;Reactive power;Wireless communication}, 
doi={10.1109/ISSPIT.2016.7886039},
ISSN={}, 
month={Dec},}

@inproceedings{FpgaGpuBetterUtilisation,
author = {Nurvitadhi, Eriko and Sheffield, David and Sim, Jaewoong and Mishra, Asit and Venkatesh, Ganesh and Marr, Debbie},
year = {2016},
month = {12},
pages = {77-84},
title = {Accelerating Binarized Neural Networks: Comparison of FPGA, CPU, GPU, and ASIC},
booktitle = {IEEE journal},
doi = {10.1109/FPT.2016.7929192}
}

@ARTICLE{WiredAppleNeuralEngine, 
author={T. Simonite}, 
journal={Wired Magazine}, 
title={APPLE'S LATEST IPHONES ARE PACKED WITH AI SMARTS}, 
year={2018}, 
month={Dec},}

@INPROCEEDINGS{EE3CommsSystemsNotesL4, 
author={A. Manikas}, 
booktitle={Imperial College EE303 Communications Systems Course}, 
title={Lecture 4: An Overview of Fundamentals: Wireless Channels}, 
year={2017}, 
month={Nov},}

@ARTICLE{ShortBlockLengthNonOptimality, 
author={Y. Polyanskiy and H. V. Poor and S. Verdu}, 
journal={IEEE Transactions on Information Theory},
title={Channel Coding Rate in the Finite Blocklength Regime}, 
year={2010}, 
volume={56}, 
number={5}, 
pages={2307-2359}, 
keywords={channel coding;error statistics;finite blocklength regime;maximal channel coding rate;error probability;channel dispersion;complementary Gaussian cumulative distribution function;Channel coding;Error probability;Capacity planning;Channel capacity;AWGN;Codes;Distribution functions;Acoustic noise;Upper bound;Achievability;channel capacity;coding for noisy channels;converse;finite blocklength regime;Shannon theory}, 
doi={10.1109/TIT.2010.2043769}, 
ISSN={0018-9448}, 
month={May},}

@misc{DeepsigOmnisig,
  title = {DeepSig: OmniSIG},
  author = {T. O'Shea},
  howpublished = {\url{https://www.deepsig.io/omnisig/}},
  note = {Accessed: 21-01-2019}
}

@misc{DeepsigOmniphy,
  title = {DeepSig: OmniPHY},
  author = {T. O'Shea},
  howpublished = {\url{https://www.deepsig.io/omniphy/}},
  note = {Accessed: 21-01-2019}
}

@misc{TensorflowBenchmarking,
  title = {A Medium Corporation: Tensorflow performance testing, cpu vs gpu},
  author = {Andriy Lazorenko},
  howpublished = {\url{https://medium.com/@andriylazorenko/tensorflow-performance-test-cpu-vs-gpu-79fcd39170c}},
  note = {Accessed: 01-11-2019}
}

@misc{NhsRepetitiveStrainInjury,
  title = {NHS: Repetitive strain injury overview},
  howpublished = {\url{https://www.nhs.uk/conditions/repetitive-strain-injury-rsi/\#\}},
  note = {Accessed: 21-01-2019}
}

@misc{EyeStrain,
  title = {Specsavers: Computer eye strain},
  howpublished = {\url{https://www.specsavers.co.uk/eye-health/computer-eye-strain-symptoms-and-solutions\}},
  note = {Accessed: 21-01-2019}
}

@misc{NhsCorrectChainPosture,
  title = {NHS: How to sit correctly},
  howpublished = {\url{https://www.nhs.uk/live-well/healthy-body/how-to-sit-correctly//}},
  note = {Accessed: 21-01-2019}
}

@article{AppsOfNnToComms,
title = "Applications of neural networks to digital communications â€“ a survey",
journal = "Signal Processing",
volume = "80",
number = "7",
pages = "1185 - 1215",
year = "2000",
issn = "0165-1684",
doi = "https://doi.org/10.1016/S0165-1684(00)00030-X",
url = "http://www.sciencedirect.com/science/article/pii/S016516840000030X",
author = "Mohamed Ibnkahla"}

@ARTICLE{AppsNnToCognitiveRadios, 
author={M. Bkassiny and Y. Li and S. K. Jayaweera}, 
journal={IEEE Communications Surveys Tutorials}, 
title={A Survey on Machine-Learning Techniques in Cognitive Radios}, 
year={2013}, 
volume={15}, 
number={3}, 
pages={1136-1159}, 
doi={10.1109/SURV.2012.100412.00017}, 
ISSN={1553-877X}, 
month={Third},}

@article{AppsNnBeliefPropogation,
  author    = {Eliya Nachmani and
               Yair Be'ery and
               David Burshtein},
  title     = {Learning to Decode Linear Codes Using Deep Learning},
  journal   = {CoRR},
  volume    = {abs/1607.04793},
  year      = {2016},
  url       = {http://arxiv.org/abs/1607.04793},
  archivePrefix = {arXiv},
  eprint    = {1607.04793},
  timestamp = {Mon, 13 Aug 2018 16:46:07 +0200},
  biburl    = {https://dblp.org/rec/bib/journals/corr/NachmaniBB16},
  bibsource = {dblp computer science bibliography, https://dblp.org}
}

@article{AppsRnnBeliefPropogation,
  author    = {Eliya Nachmani and
               Elad Marciano and
               David Burshtein and
               Yair Be'ery},
  title     = {{RNN} Decoding of Linear Block Codes},
  journal   = {CoRR},
  volume    = {abs/1702.07560},
  year      = {2017},
  url       = {http://arxiv.org/abs/1702.07560},
  archivePrefix = {arXiv},
  eprint    = {1702.07560},
  timestamp = {Mon, 13 Aug 2018 16:47:12 +0200},
  biburl    = {https://dblp.org/rec/bib/journals/corr/NachmaniMBB17},
  bibsource = {dblp computer science bibliography, https://dblp.org}
}

@INPROCEEDINGS{AppsNnDeepMimoDetection, 
author={N. Samuel and T. Diskin and A. Wiesel}, 
booktitle={2017 IEEE 18th International Workshop on Signal Processing Advances in Wireless Communications (SPAWC)}, 
title={Deep MIMO detection}, 
year={2017}, 
volume={}, 
number={}, 
pages={1-5}, 
keywords={learning (artificial intelligence);message passing;MIMO communication;neural nets;deep MIMO detection;deep neural networks;deep learning;MIMO channel;multiple varying channels;deep MIMO detector;deep networks;MIMO Detection;Deep Learning;Neural Networks}, 
doi={10.1109/SPAWC.2017.8227772}, 
ISSN={1948-3252}, 
month={July},}

@article{AppsNnDeepUnfolding,
  author    = {John R. Hershey and
               Jonathan Le Roux and
               Felix Weninger},
  title     = {Deep Unfolding: Model-Based Inspiration of Novel Deep Architectures},
  journal   = {CoRR},
  volume    = {abs/1409.2574},
  year      = {2014},
  url       = {http://arxiv.org/abs/1409.2574},
  archivePrefix = {arXiv},
  eprint    = {1409.2574},
  timestamp = {Mon, 13 Aug 2018 16:46:59 +0200},
  biburl    = {https://dblp.org/rec/bib/journals/corr/HersheyRW14},
  bibsource = {dblp computer science bibliography, https://dblp.org}
}

@article{AppsMimoBlindDetection,
  author    = {Yo{-}Seb Jeon and
               Song{-}Nam Hong and
               Namyoon Lee},
  title     = {Blind Detection for {MIMO} Systems With Low-Resolution ADCs Using
               Supervised Learning},
  journal   = {CoRR},
  volume    = {abs/1610.07693},
  year      = {2016},
  url       = {http://arxiv.org/abs/1610.07693},
  archivePrefix = {arXiv},
  eprint    = {1610.07693},
  timestamp = {Mon, 13 Aug 2018 16:46:08 +0200},
  biburl    = {https://dblp.org/rec/bib/journals/corr/JeonHL16},
  bibsource = {dblp computer science bibliography, https://dblp.org}
}

@article{AppsMolecularComms,
  author    = {Nariman Farsad and
               Andrea J. Goldsmith},
  title     = {Detection Algorithms for Communication Systems Using Deep Learning},
  journal   = {CoRR},
  volume    = {abs/1705.08044},
  year      = {2017},
  url       = {http://arxiv.org/abs/1705.08044},
  archivePrefix = {arXiv},
  eprint    = {1705.08044},
  timestamp = {Mon, 13 Aug 2018 16:48:50 +0200},
  biburl    = {https://dblp.org/rec/bib/journals/corr/FarsadG17},
  bibsource = {dblp computer science bibliography, https://dblp.org}
}

@article{AppsResourceAllocation,
  author    = {Haoran Sun and
               Xiangyi Chen and
               Qingjiang Shi and
               Mingyi Hong and
               Xiao Fu and
               Nikos D. Sidiropoulos},
  title     = {Learning to Optimize: Training Deep Neural Networks for Wireless Resource
               Management},
  journal   = {CoRR},
  volume    = {abs/1705.09412},
  year      = {2017},
  url       = {http://arxiv.org/abs/1705.09412},
  archivePrefix = {arXiv},
  eprint    = {1705.09412},
  timestamp = {Mon, 13 Aug 2018 16:47:29 +0200},
  biburl    = {https://dblp.org/rec/bib/journals/corr/SunCSHFS17},
  bibsource = {dblp computer science bibliography, https://dblp.org}
}

@article{AppsDlChannelDecoding,
  author    = {Tobias Gruber and
               Sebastian Cammerer and
               Jakob Hoydis and
               Stephan ten Brink},
  title     = {On Deep Learning-Based Channel Decoding},
  journal   = {CoRR},
  volume    = {abs/1701.07738},
  year      = {2017},
  url       = {http://arxiv.org/abs/1701.07738},
  archivePrefix = {arXiv},
  eprint    = {1701.07738},
  timestamp = {Mon, 13 Aug 2018 16:47:53 +0200},
  biburl    = {https://dblp.org/rec/bib/journals/corr/GruberCHB17},
  bibsource = {dblp computer science bibliography, https://dblp.org}
}

@article{AppsRadioBasisFunctions,
  author    = {Timothy J. O'Shea and
               Johnathan Corgan and
               T. Charles Clancy},
  title     = {Unsupervised Representation Learning of Structured Radio Communication
               Signals},
  journal   = {CoRR},
  volume    = {abs/1604.07078},
  year      = {2016},
  url       = {http://arxiv.org/abs/1604.07078},
  archivePrefix = {arXiv},
  eprint    = {1604.07078},
  timestamp = {Mon, 13 Aug 2018 16:48:04 +0200},
  biburl    = {https://dblp.org/rec/bib/journals/corr/OSheaCC16},
  bibsource = {dblp computer science bibliography, https://dblp.org}
}

@article{AppsCnnRadioEfficiency,
  author    = {Timothy J. O'Shea and
               Johnathan Corgan},
  title     = {Convolutional Radio Modulation Recognition Networks},
  journal   = {CoRR},
  volume    = {abs/1602.04105},
  year      = {2016},
  url       = {http://arxiv.org/abs/1602.04105},
  archivePrefix = {arXiv},
  eprint    = {1602.04105},
  timestamp = {Mon, 13 Aug 2018 16:46:04 +0200},
  biburl    = {https://dblp.org/rec/bib/journals/corr/OSheaC16},
  bibsource = {dblp computer science bibliography, https://dblp.org}
}

@misc{AwGithub,
  title = {{Alistair Wallace} Project Github},
  howpublished = {\url{https://github.com/alistairwallace97/DNN_short_block_comms}},
  note = {Last Updated: 07-06-2019}
}